@book{Taggart2000,
	address = {Buckingham},
	author = {Taggart, Paul},
	publisher = {Open University Press},
	title = {{Populism}},
	year = {2000}
}

@article{Lange2002,
	author = {Lange, Rense and Thalbourne, Michael A.},
	journal = {Psychological Reports},
	pages = {1065--1073},
	title = {{Rasch Scaling Paranormal Belief and Experience: Structure and Semantics Of Thalbourne's Australian Sheep-Goat Scale}},
	volume = {91},
	year = {2002}
}
